<?xml version="1.0" encoding="UTF-8"?><record xmlns="http://www.loc.gov/MARC21/slim" xmlns:cinclude="http://apache.org/cocoon/include/1.0" xmlns:zs="http://www.loc.gov/zing/srw/">
  <leader>01601cz  a2200253n  4500</leader>
  <controlfield tag="001">n  88175635 </controlfield>
  <controlfield tag="003">DLC</controlfield>
  <controlfield tag="005">19940715101655.7</controlfield>
  <controlfield tag="008">890209n| acannaab|          |a ana ||| c</controlfield>
  <datafield tag="010" ind1=" " ind2=" ">
    <subfield code="a">n  88175635 </subfield>
  </datafield>
  <datafield tag="040" ind1=" " ind2=" ">
    <subfield code="a">MdU</subfield>
    <subfield code="c">DLC</subfield>
    <subfield code="d">InU</subfield>
  </datafield>
  <datafield tag="110" ind1="1" ind2="0">
    <subfield code="a">Great Britain.</subfield>
    <subfield code="b">Ecclesiastical Commissioners</subfield>
  </datafield>
  <datafield tag="410" ind1="2" ind2="0">
    <subfield code="a">Ecclesiastical Commissioners for England</subfield>
  </datafield>
  <datafield tag="410" ind1="2" ind2="0">
    <subfield code="a">Ecclesiastical Commissioners (Great Britain)</subfield>
  </datafield>
  <datafield tag="410" ind1="2" ind2="0">
    <subfield code="a">Commission of Ecclesiastical Enquiry (Great Britain)</subfield>
  </datafield>
  <datafield tag="410" ind1="1" ind2="0">
    <subfield code="a">Great Britain.</subfield>
    <subfield code="b">Commissioners of Ecclesiastical Duties and Revenues</subfield>
  </datafield>
  <datafield tag="410" ind1="2" ind2="0">
    <subfield code="a">Commissioners of Ecclesiastical Duties and Revenues (Great Britain)</subfield>
  </datafield>
  <datafield tag="410" ind1="1" ind2="0">
    <subfield code="a">Great Britain.</subfield>
    <subfield code="b">Commission of Ecclesiastical Enquiry</subfield>
  </datafield>
  <datafield tag="667" ind1=" " ind2=" ">
    <subfield code="a">Possibly same as: Great Britain. Commissioners Appointed to Consider the State of the Established Church with Reference to Ecclesiastical Duties and Revenues</subfield>
  </datafield>
  <datafield tag="670" ind1=" " ind2=" ">
    <subfield code="a">Johnes, A.J. Statistical illustrations of the claims of the Welsh dioceses ... 1841:</subfield>
    <subfield code="b">t.p. (Ecclesiastical Commissioners)</subfield>
  </datafield>
  <datafield tag="670" ind1=" " ind2=" ">
    <subfield code="a">BLC to 1975</subfield>
    <subfield code="b">(hdg.: England. Ecclesiastical Commissioners; usage: Ecclesiastical Commissioners for England)</subfield>
  </datafield>
  <datafield tag="670" ind1=" " ind2=" ">
    <subfield code="a">Correspondence between the Lord Bishop of Exeter and members of the Commission of Ecclesiastical Enquiry, 1840.</subfield>
  </datafield>
  <datafield tag="670" ind1=" " ind2=" ">
    <subfield code="a">Encycl. Amer., 1987</subfield>
    <subfield code="b">(Ecclesiastical Commissioners, a body that managed the estates and revenues of the Church of England from 1835 to 1948; appointed by Prime Minister Sir Robert Peel)</subfield>
  </datafield>
  <datafield tag="670" ind1=" " ind2=" ">
    <subfield code="a">Knight-Bruce, J.L. Ecclesiastical duties and revenues bill, 1840:</subfield>
    <subfield code="b">p. 3 (Commissioners of Ecclesiastical Duties and Revenues)</subfield>
  </datafield>
</record>